% Bibliography of key references for "LaTeX for Thesis and Large Documents"
% For use with BibTeX

@book{goossens.book,
	author =	"Michel Goossens and Frank Mittelbach and 
			 Alexander Samarin",
	title =		"The \LaTeX\ Companion",
	year = 		"1994",
	publisher =	"Addison-Wesley",
	address = 	"Reading, Massachusetts"
}

@book{knuth.book,
        author =        "Donald Knuth",
        title =         "The \TeX book",
        year =          "1986",
        publisher =     "Addison-Wesley",
        address =       "Reading, Massachusetts"
}

@book{lamport.book,
	author =        "Leslie Lamport",
	title =         "\LaTeX\ --- A Document Preparation System",
        edition =       "Second",
	year = 		"1994",
	publisher = 	"Addison-Wesley",
	address =       "Reading, Massachusetts"
}


%======================================================================
%   C H A P T E R 3 - T O O L C H A I N
%======================================================================
@electronic{sw:quarc,
  title         = "{QuaRC: Control Simulation Software}",
  author 		= "{Quanser Inc}",
  url           = "http://www.quanser.com/english/html/solutions/fs_soln_software_QuaRC.html"
}

@electronic{sw:maplesim,
  title         = "{MapleSim: High-Performance Physical Modeling}",
  author 		= "{MapleSoft Inc}",
  url           = "http://www.maplesoft.com/products/maplesim/"
}

@electronic{sw:simmech,
  title         = "{SimMechanics: Multibody Simulations for MATLAB and Simulink}",
  author 		= "{MathWorks Inc}",
  url           = "http://www.mathworks.com/products/simmechanics/"
}

@electronic{sw:solidworks,
  title         = "{SolidWorks: 3D CAD Design Software}",
  author		= "{Dassault Syst\`{e}mes}",
  url           = "http://www.solidworks.com/"
}

@article{Kanehiro:2004dq,
author = {Kanehiro, Fumio and Hirukawa, Hirohisa and Kajita, Shuuji},
title = {{OpenHRP: Open Architecture Humanoid Robotics Platform}},
journal = {The International Journal of Robotics Research},
volume = {23},
number = {2},
pages = {155--165},
year = {2004}
}

@INPROCEEDINGS{Koenig04designand,
    author = {Nathan Koenig and Andrew Howard},
    title = {Design and Use Paradigms for Gazebo, An Open-Source Multi-Robot Simulator},
    booktitle = {IEEE/RSJ International Conference on Intelligent Robots and Systems},
    year = {2004},
    pages = {2149--2154}
}

@article{michel2004webotstm,
  title={Webots: Professional mobile robot simulation},
  author={Michel, O.},
  journal={International Journal of Advanced Robotic Systems},
  volume = {1},
  number = {1},
  pages = {40--43},
  year={2004}
}

@INPROCEEDINGS{PonticelliCWR2006,
    author = {Ponticelli, R. and Armada, M},
    title = {Vrsilo2: dynamic simulation system for the biped robot silo2},
    booktitle = {Proceedings of the 9th International Conference on Climbing and Walking Robots},
    year = {2006},
}

@article{Reichenbach2009,
  title={A dynamic simulator for humanoid robots},
  author={T. Reichenbach},
  journal={Artificial Life and Robotics},
  volume = {13},
  number = {2},
  pages = {561--565},
  year={2009}
}

@INPROCEEDINGS{MedranoCerda2010,
    author = {G. A. Medrano-Cerda and H. Dallali and
M. Brown and N. G. Tsagarakis and D. G. Caldwell},
    title = {Modelling and Simulation of the Locomotion of Humanoid Robots},
    booktitle = {Proceedings of the UK Automatic Control Conference},
    year = {2010},
}


@article {Paredis2001,
   author = {Paredis, C.J.J. and Diaz-Calderon, A. and Sinha, R. and Khosla, P.K.},
   affiliation = {Carnegie Mellon University, Institute for Complex Engineered Systems, Department of Electrical and Computer Engineering, Pittsburgh, PA, USA US},
   title = {Composable Models for Simulation-Based Design},
   journal = {Engineering with Computers},
   publisher = {Springer London},
   issn = {0177-0667},
   keyword = {Computer Science},
   pages = {112-128},
   volume = {17},
   issue = {2},
   note = {10.1007/PL00007197},
   year = {2001}
}

@article{Rosenthal1986,
    author = {Rosenthal, D. and Sherman, M.},
    journal = {Journal of the Astronautical Sciences},
    pages = {223-239},
    priority = {4},
    title = {{High performance multibody simulations via symbolic equation manipulation and Kane's method}},
    volume = {34},
    year = {1986}
}

@inproceedings{Baraff1996,
 author = {Baraff, David},
 title = {Linear-time dynamics using Lagrange multipliers},
 booktitle = {Proceedings of the 23rd annual conference on Computer graphics and interactive techniques},
 series = {SIGGRAPH '96},
 year = {1996},
 isbn = {0-89791-746-4},
 pages = {137--146},
 numpages = {10},
 acmid = {237226},
 publisher = {ACM},
 address = {New York, NY, USA},
} 


@INPROCEEDINGS{Paul2001, 
author={Paul, C. and Bongard, J.C.}, 
booktitle={Intelligent Robots and Systems, 2001. Proceedings. 2001 IEEE/RSJ International Conference on}, title={The road less travelled: morphology in the optimization of biped robot locomotion}, 
year={2001}, 
month={}, 
volume={1}, 
number={}, 
pages={226 -232 vol.1}, 
ISSN={},}

@INPROCEEDINGS{Wollherr2002, 
author={Wollherr, D. and Hardt, M. and Buss, M. and von Stryk, O.}, 
booktitle={Intelligent Robots and Systems, 2002. IEEE/RSJ International Conference on}, title={Actuator selection and hardware realization of a small and fast-moving, autonomous humanoid robot}, 
year={2002}, 
month={}, 
volume={3}, 
number={}, 
pages={ 2491 - 2496 vol.3}, 
ISSN={},}


%======================================================================
%   C H A P T E R 5 - E L E C T R O M E C H A N I C A L D E S I G N 
%======================================================================
@book{ kajitatxt,
author    = {Kajita, S}, 
title     = {Humanoid Robots},
publisher = {Ohmsha},
year      = {2005},
language  = {Japanese},
ISBN    = {978-4-27420-058-8}
}

@book{wintergait,
  Author = {David A. Winter},
  Title = {Biomechanics and Motor Control of Human Gait: Normal, Elderly and Pathological},
  Publisher = {Waterloo Biomechanics},
  Year = {1991},
  ISBN = {0888981058}
}

@misc{dw2008,
  author = {van der Krogt, M and Harlaar, J},
  title = {{Gait Analysis Tutorial | Dynamic Walking 2008}},
  howpublished = "\url{http://dynamicwalking.org/dw2008/?q=node/22}",
  year = {2008}, 
  note = "[Online; Accessed 02-February-2011]"
}

@misc{bodymech,
author = {Harlaar, J},
title = {{BodyMech: A Matlab based open source package for 3D kinematic analysis}},
howpublished = "\url{http://www.bodymech.nl/}",
year = {2006}, 
note = "[Online; Accessed 03-February-2011]"
}

@article{Kajita:2001fk,
author = {Kajita, S and Kanehiro, F and Kaneko, K and Yokoi, K and Hirukawa, H},
title = {{The 3D linear inverted pendulum mode: a simple modeling for a biped walking pattern generation}},
journal = {Intelligent Robots and Systems, 2001. Proceedings. 2001 IEEE/RSJ International Conference on},
year = {2001}
}

@article{Perrin:1997wn,
author = {Perrin, B and Chevallereau, C and Verdier, C},
title = {{Calculation of the direct dynamic model of walking robots: comparison between two methods}},
journal = {Robotics and Automation, 1997. Proceedings., 1997 IEEE International Conference on},
year = {1997}
}


